@article{aHamelLohne2014,
author={Hamel, Andreas H.
and L{\"o}hne, Andreas},
title={Lagrange Duality in Set Optimization},
journal={Journal of Optimization Theory and Applications},
year={2014},
month={5},
day={01},
volume={161},
number={2},
pages={368-397},
issn={1573-2878},
doi={10.1007/s10957-013-0431-4},
url={https://doi.org/10.1007/s10957-013-0431-4}
}

@article{aLohneRudloffUlus2014,
  title={Primal and dual approximation algorithms for convex vector optimization problems},
  author={Andreas L{\"o}hne and Birgit Rudloff and Firdevs Ulus},
  journal={Journal of Global Optimization},
  year={2014},
  volume={60},
  pages={713-736}
}


@article{aHeyde2013,
  title={Geometric Duality for Convex Vector Optimization Problems},
  author={Heyde, Frank},
  journal={Journal of Convex Analysis},
  volume={20},
  number={3},
  pages={813--832},
  year={2013}
}

@article{aEhrgottShaoSch2011,
  title={An approximation algorithm for convex multi-objective programming problems},
  author={Ehrgott, Matthias and Shao, Lizhen and Sch{\"o}bel, Anita},
  journal={Journal of Global Optimization},
  volume={50},
  number={3},
  pages={397--416},
  year={2011},
  publisher={Springer}
}